@techreport{schultz2006fertility,
  author       = {Schultz, T. Paul},
  title        = {Fertility and Income},
  institution  = {Economic Growth Center, Yale University},
  type         = {Working Paper},
  number       = {925},
  year         = {2005},
  note         = {Publicado en 2006},
  url          = {http://www.econ.yale.edu/growth_pdf/cdp925.pdf}
}

@incollection{schultz2007population,
  author       = {Schultz, T. Paul},
  title        = {Population policies, fertility, women's human capital, and child quality},
  booktitle    = {Handbook of Development Economics},
  editor       = {Schultz, T. Paul and Strauss, John},
  publisher    = {Elsevier},
  address      = {Amsterdam},
  pages        = {3249--3303},
  year         = {2007},
  doi          = {10.1016/S1573-4471(07)04052-1}
}

@article{castro2021analysis,
  author       = {Castro Torres, Andr√©s Felipe},
  title        = {Analysis of Latin American Fertility in Terms of Probable Social Classes},
  journal      = {European Journal of Population},
  volume       = {37},
  number       = {2},
  pages        = {297--339},
  year         = {2021},
  publisher    = {Springer},
  doi          = {10.1007/s10680-020-09569-7}
}

@article{batyra2020increasing,
  author       = {Batyra, Ewa},
  title        = {Increasing Educational Disparities in the Timing of Motherhood in the Andean Region: A Cohort Perspective},
  journal      = {Population Research and Policy Review},
  volume       = {39},
  number       = {3},
  pages        = {283--309},
  year         = {2020},
  publisher    = {Springer},
  doi          = {10.1007/s11113-019-09535-0}
}